<record><leader>00000cas a2200000 a 4500</leader><controlfield tag="001">27838413</controlfield><controlfield tag="008">930401d188u1891cauwr ne      0    0eng c</controlfield><datafield ind1=" " ind2=" " tag="010"><subfield code="a">sn 93058780 </subfield></datafield><datafield ind1=" " ind2=" " tag="040"><subfield code="a">MGN</subfield><subfield code="b">eng</subfield><subfield code="c">MGN</subfield><subfield code="d">CNK</subfield><subfield code="d">OCLCQ</subfield><subfield code="d">CNK</subfield><subfield code="d">OCLCQ</subfield><subfield code="d">OCLCF</subfield><subfield code="d">OCLCO</subfield></datafield><datafield ind1="1" ind2=" " tag="029"><subfield code="a">AU@</subfield><subfield code="b">000020728083</subfield></datafield><datafield ind1=" " ind2=" " tag="042"><subfield code="a">pcc</subfield></datafield><datafield ind1=" " ind2=" " tag="043"><subfield code="a">n-us-ca</subfield></datafield><datafield ind1="0" ind2="4" tag="245"><subfield code="a">The Hollister free lance.</subfield></datafield><datafield ind1=" " ind2=" " tag="260"><subfield code="a">Hollister, San Benito County, Calif. :</subfield><subfield code="b">W.B. Winn</subfield></datafield><datafield ind1=" " ind2=" " tag="300"><subfield code="a">v.</subfield></datafield><datafield ind1=" " ind2=" " tag="310"><subfield code="a">Weekly</subfield></datafield><datafield ind1="1" ind2=" " tag="362"><subfield code="a">Ceased with Mar. 13, 1891 issue.</subfield></datafield><datafield ind1=" " ind2=" " tag="530"><subfield code="a">Master negatives are available for duplication from:</subfield><subfield code="b">California Newspaper Microfilm Archive;</subfield><subfield code="c">positive copies may be purchased by the reel; for further information consult the CNMA at:</subfield><subfield code="u">http://cbsr.ucr.edu</subfield></datafield><datafield ind1=" " ind2=" " tag="588"><subfield code="a">Description based on: Vol. 4, no. 1 (Dec. 10, 1886).</subfield></datafield><datafield ind1=" " ind2="0" tag="651"><subfield code="a">San Benito County (Calif.)</subfield><subfield code="v">Newspapers.</subfield></datafield><datafield ind1=" " ind2="7" tag="655"><subfield code="a">Newspapers.</subfield><subfield code="2">fast</subfield><subfield code="0">(OCoLC)fst01423814</subfield></datafield><datafield ind1=" " ind2="7" tag="651"><subfield code="a">California</subfield><subfield code="z">San Benito County.</subfield><subfield code="2">fast</subfield><subfield code="0">(OCoLC)fst01206014</subfield></datafield><datafield ind1=" " ind2=" " tag="752"><subfield code="a">United States</subfield><subfield code="b">California</subfield><subfield code="c">San Benito</subfield><subfield code="d">Hollister.</subfield></datafield><datafield ind1="0" ind2="0" tag="780"><subfield code="t">Hollister Democrat</subfield><subfield code="w">(DLC)sn 92068471</subfield></datafield><datafield ind1="0" ind2="0" tag="785"><subfield code="t">Free lance (Hollister, Calif. : 1891)</subfield><subfield code="w">(DLC)sn 93053136</subfield></datafield></record>